@misc{ciber_media,
title={大阪大学サイバーメディアセンター大規模可視化システム},
howpublished={http://vis.cmc.osaka-u.ac.jp},
year={2020},
month={Feb.},
}

@misc{docker,
title={Empowering App Development for Developers | Docker},
howpablished={https://www.docker.com/},
year={2021},
month={Dec.},
}

%OK
@article{sage2,
title = "{SAGE2}: A collaboration portal for scalable resolution displays",
journal = "Future Generation Computer Systems",
volume = "~54",
pages = "~296--305",
year = "2016",
month="Jan.",
issn = "0167-739X",
doi = "https://doi.org/10.1016/j.future.2015.05.014",
url = "http://www.sciencedirect.com/science/article/pii/S0167739X15001892",
author = "Luc Renambot and Thomas Marrinan and Jillian Aurisano and Arthur Nishimoto and Victor Mateevitsi and Krishna Bharadwaj and Lance Long and Andy Johnson and Maxine Brown and Jason Leigh",
}

@article{40019341807,
author="成見 哲",
title="GPUを使ったシミュレーションの高速化 (特集 グラフィックボードを用いた数値計算の高速化)",
journal="アンサンブル : 分子シミュレーション研究会会誌",
ISSN="1884-6750",
publisher="分子シミュレーション研究会",
year="2012",
month="Apr.",
volume="~14",
number="~2",
pages="~72--75",
URL="https://ci.nii.ac.jp/naid/40019341807/",
DOI="",
}

%OK
@misc{raspi,
title={Raspberry {P}i},
howpublished={https://www.raspberrypi.org/},
year={2020},
month={Feb.},
}

%OK
@article{130007722836,
author="敬, 小林",
title="Io{T}を指向したシングルボードコンピュータの食品成分分析およびセンシングへの応用",
journal="日本食品工学会誌",
ISSN="1345-7942",
publisher="一般社団法人 日本食品工学会",
year="2019",
month="Oct.",
volume="~20",
number="~3",
pages="~107--113",
URL="https://ci.nii.ac.jp/naid/130007722836/",
DOI="10.11301/jsfe.19553",
}

%OK
@INPROCEEDINGS{7380571,
author={M. S. D. {Gupta} and V. {Patchava} and V. {Menezes}},
booktitle={Proceedings of the International Conference on Green Computing and Internet of Things (ICGCIoT2015)},
title={Healthcare based on {I}o{T} using {R}aspberry {P}i},
year={2015},
volume={},
number={},
pages={~796--799},
keywords={cellular radio;electrocardiography;microcomputers;microprocessor chips;patient monitoring;SQL;telemedicine;healthcare;loT;Raspberry pi controlled remote monitoring system;credit card sized single board computer;ARMll microprocessor;electrocardiogram;ECG;authorized personnel;MySQLdb module;GSM module;medical community;Heart beat;Databases;Monitoring;Biomedical monitoring;Electrocardiography;Medical services;GSM;Raspberry pi;ECG;Healthcare applications;Internet of things},
doi={10.1109/ICGCIoT.2015.7380571},
ISSN={null},
month={Oct.},
}

%OK
@misc{bigbackbunny,
title={{Big Buck Bunny}},
howpublished={https://peach.blender.org/},
year={2020},
month={Feb.},
}

%OK
@misc{model3B+,
title={Raspberry {P}i 3 {M}odel {B}+},
howpublished={https://www.raspberrypi.org/products/raspberry-pi-3-model-b-plus/},
year={2020},
month={Feb.},
}

%OK
@misc{model4B,
title={Raspberry {P}i 4 {M}odel {B}},
howpublished={https://www.raspberrypi.org/products/raspberry-pi-4-model-b/},
year={2020},
month={Feb.},
}

%OK
@misc{libjpeg,
title={libjpeg-turbo},
howpublished={https://libjpeg-turbo.org/},
year={2020},
month={Feb.},
}

%OK
@misc{opencv,
title={Open{CV}},
howpublished={https://opencv.org/},
year={2020},
month={Feb.},
}

%OK
@misc{gcc,
title={G{CC},{GNU}コンパイラコレクション},
howpublished={https://gcc.gnu.org/},
year={2020},
month={Feb.},
}

%OK
@article{YCbCr,
author = {Ibraheem, Noor and Hasan, Mokhtar and Khan, Rafiqul Zaman and Mishra, Pramod},
year = {2012},
month = {Jan.},
pages = {~265--275},
title = {Understanding color models: A review},
volume = {~2},
journal = {ARPN Journal of Science and Technology}
}

%OK
@article{pccluster,
author = {Soares, Luciano and Raffin, Bruno and Jorge, Joaquim},
year = {2008},
month = {Jul.},
pages = {~67--80},
title = {P{C} clusters for virtual reality},
volume = {~7},
journal = {IJVR},
doi = {10.1109/VR.2006.107}
}

%OK
@ARTICLE{6693038,
author = {H. {Chung} and C. {Andrews} and C. {North}},
journal = {IEEE Transactions on Visualization and Computer Graphics},
title = {A survey of software frameworks for cluster-Based large high-resolution displays},
year = {2014},
volume = {~20},
number = {~8},
pages = {~1158--1177},
keywords={data visualisation;large screen displays;parallel processing;rendering (computer graphics);LHRD software frameworks;cluster-based large high-resolution displays;extreme large-scale data set visualization;scalable rendering performance;advanced interaction methods;desktop environments;software tools;software methods;cluster-based LHRD applications;distributed rendering;parallel rendering;Rendering (computer graphics);Software;Data visualization;Synchronization;Visualization;Large high-resolution display;tiled displays;distributed rendering;parallel rendering;distributed applications;graphics api;large scale visualization;programming models;input devices and strategies},
doi={10.1109/TVCG.2013.272},
ISSN={2160-9306},
month = {Aug.},
}

%OK
@article{signage,
author="{伊知哉}, {中村}",
title="デジタルサイネージの動向",
journal="情報管理",
publisher="国立研究開発法人 科学技術振興機構",
year="2013",
month="Mar.",
volume="~55",
number="~12",
pages="~891--898",
URL="https://ci.nii.ac.jp/naid/130003360647/",
DOI="10.1241/johokanri.55.891",
}

%OK
@article{sage,
author="L. Renambot and A. Rao and R. Singh and B. Jeong and N. Krishnaprasad and V. Vishwanath and
V. Chandrasekhar and N. Schwarz and A. Spale and C. Zhang and G. Goldmana and J. Leigh and
A. Johnson",
title="{SAGE} : the Scalable Adaptive Graphics Environment",
journal="Proceedings of the 4th Workshop on Advanced Collaborative Environments (WACE2004)",
ISSN="",
publisher="",
year="2004",
month="Sep.",
volume="",
number="",
pages="",
URL="https://ci.nii.ac.jp/naid/10024886792/",
DOI="",
}

%OK
@INPROCEEDINGS{displaycluster,
author={G. P. {Johnson} and G. D. {Abram} and B. {Westing} and P. {Navr'til} and K. {Gaither}},
booktitle={Proceedings of the 16th International Conference on Cluster Computing},
title={DisplayCluster: an Interactive Visualization Environment for Tiled Displays},
year={2012},
volume={},
number={},
pages={~239--247},
keywords={authoring languages;data visualisation;display devices;image resolution;interactive systems;multimedia computing;parallel processing;DisplayCluster;interactive visualization environment;cluster-driven tiled displays;desktop-like windowing system;built-in media viewing capability;ultra high-resolution imagery;video content;laptops;remote visualization machines;high-performance parallel visualization applications;interactive streaming;hundred-mega pixel dynamic content;multiuser;multimodal interaction;joysticks;smart phones;Microsoft Kinect;Python-based scripting interface;large-scale remote visualization clusters;high-resolution tiled display systems;Streaming media;Media;Libraries;Image resolution;Rendering (computer graphics);Image coding;Bandwidth;visualization;displays;high performance computing;human computer interaction;wide area networks},
doi={10.1109/CLUSTER.2012.78},
ISSN={2168-9253},
month={Sep.},
}

%OK
@article{jpeg,
author={G. K. {Wallace}},
journal={IEEE Transactions on Consumer Electronics},
title={The {JPEG} still picture compression standard},
year={1992},
volume={~38},
number={~1},
pages={~18--34},
keywords={data compression;picture processing;television standards;transforms;ISO;CCITT;lossy compression;coding;lossless compression;TV standard;still picture compression standard;JPEG;Joint Photographic Experts Group;international compression standard;continuous-tone still images;grayscale;color;DCT;discrete cosine transform;predictive method;Baseline method;Transform coding;Image coding;Digital images;Image storage;Standards development;ISO standards;Gray-scale;Displays;Costs;Facsimile},
doi={10.1109/30.125072},
ISSN={1558-4127},
month={Feb.},
}


@article{dxt,
author = {Holub, Petr and Srom, Martin and Pulec, Martin and Matela, Jiri and Jirman, Martin},
year = {2013},
month = {Oct.},
pages = {~1991--2006},
title = {G{PU}-accelerated {DXT} and {JPEG} compression schemes for low-latency network transmissions of {HD}, 2{K}, and 4{K} video},
volume = {~29},
journal = {Future Generation Computer Systems},
doi = {10.1016/j.future.2013.06.006}
}

%OK
@inproceedings{chromium,
  title={Chromium: a stream-processing framework for interactive rendering on clusters},
  author={Greg Humphreys and Mike Houston and Ren Ng and Randall Frank and Sean Ahern and Peter D. Kirchner and James T. Klosowski},
  booktitle={SIGGRAPH},
  year={2002},
  month={Jul.},
  volume={~21},
  number={~3},
  pages={~693--702},
}

%OK
@misc{asio,
title={boost {C}++ LIBRARIES},
howpublished={https://www.boost.org/},
year={2020},
month={Feb.},
}

%OK
@misc{kbdd,
title={特定非営利活動法人バイオグリッドセンター関西スパコン創薬プロジェクト},
howpublished={http://www.biogrid.jp/kbdd/},
year={2020},
month={Feb.},
}

%OK
@article{kbddproject,
author = {Brown, J.B. and Nakatsui, Masahiko and Okuno, Yasushi},
year = {2014},
month = {Jul.},
pages = {~732--741},
title = {Constructing a Foundational Platform Driven by {J}apan's {K} Supercomputer for Next-Generation Drug Design},
volume = {~33},
journal = {Molecular Informatics},
doi = {10.1002/minf.201400067},
}

％OK
@misc{nisted,
title={科学技術・学術政策研究所},
howpublished={https://www.nistep.go.jp/},
year={2020},
month={Feb.},
}

%OK
@misc{orengepi,
title={Orenge {P}i {Z}ero {P}lus2},
howpublished={http://www.orangepi.org/OrangePiZeroPlus2/},
year={2020},
month={Feb.},
}

%OK
@misc{bananapi,
title={Banana {P}iオープンソースプロジェクト},
howpublished={http://www.banana-pi.org/m64.html},
year={2020},
month={Feb.},
}

%OK
@misc{raspbian,
title={Raspbian},
howpublished={https://www.raspbian.org/},
year={2020},
month={Feb.},
}

%OK
@article{displayport,
  title={Displayport},
  author={長野 英生},
  journal={映像情報メディア学会誌},
  volume={~66},
  number={~11},
  pages={~942--945},
  month={May},
  year={2012},
  doi={10.3169/itej.66.942}
}

%OK
@INPROCEEDINGS{jpeg2,
author={P. T. {Chiou} and Y. {Sun} and G. S. {Young}},
booktitle={Proceedings of the 9th Computer Science and Electronic Engineering (CEEC2017)},
title={A complexity analysis of the {JPEG} image compression algorithm},
year={2017},
volume={},
number={},
pages={~65--70},
keywords={arithmetic codes;data compression;discrete cosine transforms;image coding;quantisation (signal);advanced sensors;data compression;data redundancy;hardware storage space;transmission bandwidth;digital imagery;complexity analysis;JPEG image compression algorithm;multimedia increases;digital image processing;computer science;discrete cosine transform;quantization;symbol encoding technique;Discrete cosine transforms;Image coding;Quantization (signal);Transform coding;Huffman coding},
doi={10.1109/CEEC.2017.8101601},
ISSN={null},
month={Sep.},
}

%OK
@article{h264,
  title={Overview of the {H}.264/{AVC} video coding standard},
  author={Thomas Wiegand and Gary J. Sullivan and Gisle Bj{\o}ntegaard and Ajay Luthra},
  journal={IEEE Transactions on Circuits and Systems for Video Technology},
  year={2003},
  volume={~13},
  number={~7},
  month={Jul.},
  pages={~560--576}
}

%OK
@misc{nagoya,
title={名古屋大学情報連携統括本部},
howpublished={http://www.icts.nagoya-u.ac.jp/en/center/jhpcn/suppl/},
year={2020},
month={Feb.},
}

@misc{docker,
title={Enpowering App Development for Developers | Docker},
howpublished={https://www.docker.com},
year={2022},
month={Feb.},
}